<?xml version="1.0" encoding="UTF-8"?><collection xmlns="http://www.loc.gov/MARC21/slim"><record><leader>00426nam--2200145-i-4500</leader><controlfield tag="001">000019578</controlfield><controlfield tag="002">20161230</controlfield><controlfield tag="005">20161230201033</controlfield><controlfield tag="008">060222s1000------------r-----000-0-eng-d</controlfield><datafield ind1=" " ind2=" " tag="080"><subfield code="a">512.831:517.5</subfield></datafield><datafield ind1=" " ind2=" " tag="100"><subfield code="a">Fix, George J, Strang, Gilbert</subfield></datafield><datafield ind1=" " ind2=" " tag="245"><subfield code="a">An analysis of the finite element method</subfield></datafield><datafield ind1=" " ind2=" " tag="260"><subfield code="a">Engelwood Cliffs, Prentice-hall, Inc., 1973. Xiii + 306 P</subfield></datafield><datafield ind1=" " ind2=" " tag="852"><subfield code="a">42569</subfield><subfield code="c">512.831</subfield></datafield><datafield ind1=" " ind2=" " tag="CAT"><subfield code="a">Sys</subfield><subfield code="c">20080522</subfield><subfield code="h">130456</subfield></datafield></record></collection>